@inproceedings{ramshaw95,
   author     = "Lance A. Ramshaw and Mitchell P. Marcus",
   title      = "Text Chunking Using Transformation-Based Learning",
   booktitle  = "Proceedings of the Third ACL Workshop on Very Large
                 Corpora",
   publisher  = "Cambridge, MA, USA",
   year       = "1995"
}
@article{marcus93,
   author     = "Mitchell P. Marcus and Beatrice Santorini and Mary Ann Marcinkiewicz",
   title      = "Building a large annotated corpus of English: the
                 Penn Treebank",
   journal    = "Computational Linguistics",
   volume     = "19",
   number     = "2",
   year       = "1993"
}


@TechReport{bies95,
  author = 	 {Ann Bies and Mark Fergusson and Karen Katz and RObert MacIntyre},
  title = 	 {Bracketing Guidelines for Treebank II Style Penn Treebank Project},
  institution =  {University of Pennsylvania},
  year = 	 1995
}

@inproceedings{brill94,
   author     = "Eric Brill",
   title      = "Some advances in rule-based part of speech tagging",
   booktitle  = "Proceedings of the Twelfth National Conference on
                 Artificial Intelligence (AAAI-94)",
   publisher  = "Seattle, Washington",
   year       = "1994"
}
@book{vanrijsbergen75,
   author    = "C.J. van Rijsbergen",
   title     = "Information Retrieval",
   publisher = "Buttersworth",
   year      = "1975"
}
@inproceedings{tks2000c,
   author     = "Tjong Kim Sang, Erik F. and Sabine Buchholz",
   title      = "Introduction to the CoNLL-2000 Shared Task: Chunking",
   booktitle  = "Proceedings of the CoNLL-2000 and LLL-2000",
   publisher  = "Lisbon, Portugal",
   year       = "2000"
}
@inproceedings{tks2000,
   author     = "Tjong Kim Sang, Erik F.",
   title      = "Text Chunking by System Combination",
   booktitle  = "Proceedings of CoNLL-2000 and LLL-2000",
   editors    = "Claire Cardie and Walter Daelemans and Claire
                 Nedellec and Erik Tjong Kim Sang",
   publisher  = "Lisbon, Portugal",
   year       = "2000"
}
@inproceedings{abney90,
   author     = "Steven Abney",
   title      = "Rapid Incremental Parsing with Repair",
   booktitle  = "Proceedings of the 8th New OED Conference:
                 Electronic Text Research",
   publisher  = "University of Waterloo, Ontario",
   year       = "1990"
}
@inproceedings{ejerhed96,
   author     = "Eva Ejerhed",
   title      = "Finite state segmentation of discourse into clauses",
   booktitle  = "Proceedings of the ECAI '96 Workshop on Extended
                 finite state models of language",
   publisher  = "ECAI '96, Budapest, Hungary",
   year       = "1996"
}
@InProceedings{ejerhed88,
  author = 	 {Eva Ejerhed},
  title = 	 {Finding clauses in unrestrected text by finitary and stochastic methods},
  booktitle = 	 {Proceedings of the second Conference on Applied Natural Language Processing},
  pages =	 {219-227},
  year =	 1988
}

@InProceedings{leffa98,
  author = 	 {Vilson J. Leffa},
  title = 	 {Clause Processing in Complex Sentences},
  booktitle = 	 {Proceedings of LREC'98},
  year =	 1998
}


@InProceedings{papageorgiou97,
  author = 	 {H. V. Papageorgiou},
  title = 	 {Clause recognition in the framework of alignment},
  booktitle = 	 {Recent Advances in Natural Language Processing},
  year =	 1997,
  editor =	 {R. Mitkov and N. Nicolov},
  publisher =	 {John Benjamins Publishing Company, Amsterdam/Philadelphia}
}

